<?xml version="1.0" encoding="UTF-8"?><collection xmlns="http://www.loc.gov/MARC21/slim"><record><leader>00490nam--2200193-u-4500</leader><controlfield tag="001">000053647</controlfield><controlfield tag="002">20161230</controlfield><controlfield tag="005">20161230201051</controlfield><controlfield tag="008">110511s1000------------r-----000-0-rus-d</controlfield><datafield ind1=" " ind2=" " tag="040"><subfield code="a">IFIN-HH</subfield></datafield><datafield ind1=" " ind2=" " tag="041"><subfield code="a">rus</subfield></datafield><datafield ind1=" " ind2=" " tag="080"><subfield code="a">536.24</subfield></datafield><datafield ind1="1" ind2=" " tag="100"><subfield code="a">Petuhov, B.S</subfield></datafield><datafield ind1="1" ind2="0" tag="245"><subfield code="a">Teploobmen pri smesannoi turbulentnoi konvektii</subfield><subfield code="c">B.s. petuhov; a.f. poliakov</subfield></datafield><datafield ind1=" " ind2=" " tag="260"><subfield code="a">Moskva</subfield><subfield code="b">Nauka</subfield><subfield code="c">1986</subfield></datafield><datafield ind1=" " ind2=" " tag="300"><subfield code="a">192P</subfield></datafield><datafield ind1="1" ind2=" " tag="700"><subfield code="a">Poliakov, A.F</subfield></datafield><datafield ind1=" " ind2=" " tag="852"><subfield code="a">73786</subfield><subfield code="c">536</subfield></datafield><datafield ind1=" " ind2=" " tag="CAT"><subfield code="a">Sys</subfield><subfield code="c">20110511</subfield><subfield code="h">095528</subfield></datafield></record></collection>